@Misc{airnow-gov,
  author       = {{United States Environmental Protection Agency}},
  howpublished = {webpage},
  month        = {August},
  year         = {2016},
  owner        = {US Environmental Protection Agency},
  timestamp    = {2016-08-31},
  url          = {https://airnow.gov/index.cfm?action=aqibasics.aqi},
}


@Misc{www-who,
  author       = {{World Health Organization}},
  title        = {Ambient (outdoor) air quality and health},
  howpublished = {Webpage},
  month        = {September},
  year         = {2016},
  owner        = {World HEalth Organization Media Center},
  timestamp    = {September 2016},
  url          = {http://www.who.int/mediacentre/factsheets/fs313/en/},
}

@Misc{epa-gov,
  author       = {United States Environmental Protection Agency},
  title        = {{Overview of the Clean Air Act and Air Pollution}},
  howpublished = {Webpage},
  month        = {April},
  year         = {2017},
  owner        = {USEPA},
  timestamp    = {2017-04-28},
  url          = {https://www.epa.gov/clean-air-act-overview},
}

@Misc{outdoor-air,
  author       = {{United States Environmental Agency}},
  title        = {Air Data Basic Information},
  howpublished = {webpage},
  month        = {October},
  year         = {2017},
  timestamp    = {2017-10-23},
  url          = {https://www.epa.gov/outdoor-air-quality-data/air-data-basic-information#what},
}
@Misc{who-health-topics,
  author       = {{WHO}},
  title        = {Air quality guidelines global update 2005},
  howpublished = {Webpage},
  year         = {2005},
  owner        = {World Health Organization},
  url          = {http://www.who.int/phe/health_topics/outdoorair/outdoorair_aqg/en/},
}

@TechReport{www-huffingtonpost-com,
  author       = {Alexander Howard},
  title        = {How IBM Is Using Big Data To Battle Air Pollution In Cities},
  institution  = {HuffPost},
  year         = {2015},
  type         = {Report},
  month        = {September},
  howpublished = {webpage},
  timestamp    = {2015-09-12},
  url          = {https://www.huffingtonpost.com/entry/ibm-big-data-air-pollution_us_56684e44e4b080eddf565510},
}

@TechReport{spectrum-ieee,
  author       = {Lucas Laursen},
  title        = {AI and Big Data vs. Air Pollution},
  institution  = {IEEE-org},
  year         = {2016},
  month        = {December},
  howpublished = {Webpage},
  timestamp    = {2016-12-19},
  url          = {https://spectrum.ieee.org/energy/environment/ai-and-big-data-vs-air-pollution},
}

@Misc{wikipedia-org,
  author       = {{Wikipedia}},
  title        = {Clean Air Act (United States)},
  howpublished = {webpage},
  year         = {2016},
  url          = {https://en.wikipedia.org/wiki/Clean_Air_Act_(United_States)},
}
@TechReport{googlecloud,
  author      = {Mike Hamberg},
  title       = {U.S. EPA and OpenAQ air quality data now available in BigQuery},
  institution = {Google Cloud Platform},
  year        = {2017},
  timestamp   = {2017-06-07},
  url         = {https://cloud.google.com/blog/big-data/2017/06/us-epa-and-openaq-air-quality-data-now-available-in-bigquery},
}

@Misc{www-census-gov,
  author       = {{United States Census Bureau}},
  title        = {Geography},
  howpublished = {webpage},
  month        = {December},
  year         = {2012},
  timestamp    = {2016-06-12},
  url          = {https://www.census.gov/geo/reference/gtc/gtc_cbsa.html},
}
@Misc{air-quality,
  author       = {{United States Environmental Protection Agency}},
  title        ={Air Quality Management Process},
  howpublished = {webpage},
  month        = {August},
  year         = {2016},
  owner        = {US Environmental Protection Agency},
  timestamp    = {2016-08-31},
  url          = {https://www.epa.gov/air-quality-management-process/managing-air-quality-ambient-air-monitoring},
}
@Manual{guidelines,
  title        = {Air quality guidelines Global update 2005 Particulate matter andozone and nitrogen dioxide and sulfur dioxide},
  author       = {{World Health Organization}},
  organization = {WHO},
  address      = {UN City Marmorvej 51 DK-2100 Copenhagen Denmark},
  edition      = {2005},
  year         = {2005},
  publisher    = {World Health Organization},
  timestamp    = {2005},
  url          = {http://www.euro.who.int/en/health-topics/environment-and-health/air-quality/publications/pre2009/air-quality-guidelines.-global-update-2005.},
}
@Misc{ozone,
  author       = {{United States Environmental Protection Agency}},
  title        = {Health Effects of Ozone Pollution},
  howpublished = {webpage},
  month        = {January},
  year         = {2017},
  timestamp    = {2017-01-19},
  url          = {https://www.epa.gov/ozone-pollution/health-effects-ozone-pollution},
}

@Misc{sulphur,
  author       = {{United States Environmental Protection Agency}},
  title        = {Health Effects of Ozone Pollution},
  howpublished = {webpage},
  month        = {January},
  year         = {2017},
  timestamp    = {2017-01-19},
  url          = {https://www.epa.gov/so2-pollution/sulfur-dioxide-basics#effects},
}
