
@Misc{www-rtinsights-com,
  author       = {Andrew Foster},
  title        = {Why the Industrial IoT Needs an Open-Source Edge Platform},
  howpublished = {Web Page},
  month        = {July},
  year         = {2017},
  timestamp    = {2017 July 14},
  url          = {https://www.rtinsights.com/why-the-industrial-iot-needs-an-open-source-edge-platform/},
}
@Misc{inductiveautomation-com,
  author       = {Inductive automation},
  title        = {The Industrial Internet of Things: It's Here and It Works It's Ignition},
  howpublished = {web page},
  year         = {Undated},
  owner        = {inductive automation},
  url          = {https://inductiveautomation.com/solutions/iiot#},
}

@TechReport{www-ibm-com/support,
  author      = {IBM Knowledge Center},
  title       = {Telemetry use case: Home patient monitoring},
  institution = {IBM},
  year        = {2017},
  type        = {Web Page},
  month       = {November},
  timestamp   = {2017-11-02},
  url         = {https://www.ibm.com/support/knowledgecenter/SSFKSJ_8.0.0/com.ibm.mq.pro.doc/q002780_.htm},
}
@Misc{hivemq,
  author       = {HiveMQ},
  title        = {MQTT Essentials Part 9: Last Will and Testament},
  howpublished = {blog},
  year         = {2017},
  owner        = {HiveMQ Enterprise Broker},
  url          = {https://www.hivemq.com/blog/mqtt-essentials-part-9-last-will-and-testament},
}

