@TechReport{www-hpe,
  author       = {{Hewlett Packard}},
  title        = {Big Data and healthcare},
  institution  = {HP},
  year         = {2014},
  type         = {Business White Paper},
  howpublished = {Web Page},
  url          = {http://h20195.www2.hpe.com/V4/getpdf.aspx/4aa5-2847enw},
}

@Misc{www-datapine-com,
  author       = {Mona Lebied},
  title        = {9 Examples of Big Data Analytics in Healthcare That Can Save People},
  howpublished = {Web Page},
  year         = {2017},
  url          = {http://www.datapine.com/blog/big-data-examples-in-healthcare/},
}

@TechReport{www-forbes-com,
  author       = {Bernard Marr},
  title        = {How Big Data is Changing Healthcare},
  institution  = {Forbes},
  year         = {2015},
  type         = {Blog},
  howpublished = {Web Page},
  url          = {https://www.forbes.com/sites/bernardmarr/2015/04/21/how-big-data-is-changing-healthcare/2/#667047cf140c},
}

@TechReport{www-ghdonline-org,
  author       = {B Feldman and E Martin and T Skotnes},
  month        = {Oct},
  year         = {2012},
  title        = {Big data in healthcare hype and hope},
  howpublished = {Web Page},
  organization = {GHD},
  url          = {https://www.ghdonline.org/uploads/big-data-in-healthcare_B_Kaplan_2012.pdf},
  institution  = {GHDonline},
}

@TechReport{www-mapr-com,
  author      = {Carol McDonald},
  title       = {5 Big Data Trends in Healthcare for 2017},
  institution = {MAPR Data Technologies},
  year        = {2017},
  type        = {Web Page},
  timestamp   = {February 13, 2017},
  url         = {https://mapr.com/blog/5-big-data-trends-healthcare-2017/},
}

@Article{www-tandf-com,
  author       = {Rae Jesano},
  title        = {Free Drug Information Sources on the Web: Government Sites},
  journal      = {Journal of Hospital Librarianship},
  year         = {2010},
  volume       = {10},
  number       = {2},
  pages        = {145-151},
  month        = {Apr},
  doi          = {10.1080/15323261003681554},
  eprint       = {http://dx.doi.org/10.1080/15323261003681554},
  howpublished = {Online Journal},
  organization = {Journal of Hospital Librarianship},
  publisher    = {Routledge},
  url          = {http://www.tandfonline.com/doi/abs/10.1080/15323261003681554},
}

@Article{www-ncbi-nlm-nih-gov,
  author       = {David A.Broniatowski and Michael J. Paul and Mark Dredze},
  title        = {â€œNational and Local Influenza Surveillance through Twitter},
  journal      = {PLoS One},
  year         = {2013},
  volume       = {8},
  number       = {12},
  pages        = {e83762},
  month        = {Dec},
  doi          = {https://dx.doi.org/10.1371/journal.pone.0083672},
  howpublished = {Online Journal},
  timestamp    = {2013 Dec 9},
  url          = {https://www.ncbi.nlm.nih.gov/pmc/articles/PMC3857320/},
}
@TechReport{www-uhcjsc-com,
  author      = {S.Feldman and J. Hanover and C. Burghard and D. Schubmehl},
  title       = {Unlocking the power of unstructured data},
  institution = {IDC Health Insights},
  year        = {2012},
  type        = {White Paper},
  number      = {HI235064},
  address     = {5 Speen Street Framingham, MA 01701 USA},
  url         = {http://uhcjsc.com/pdf/Unlocking%20the%20Power%20of%20Unstructured%20Data.pdf},
}
@Article{www-link-springer-com,
  author    = {Wullianallur Raghupathi and Viju Raghupathi 3. PMC. Web. 6 Oct. 2017.},
  title     = {Big Data Analytics in Healthcare: Promise and Potential},
  journal   = {Health Information Science and Systems},
  year      = {2014},
  volume    = {2},
  number    = {3},
  pages     = {n. page},
  month     = {February},
  doi       = {10.1186/2047-2501-2-3},
  timestamp = {2014-02-07},
  url       = {https://link.springer.com/article/10.1186/2047-2501-2-3},
}
@TechReport{www-google-com,
  author      = {Ravi B. Parikh and Ziad Obermeyer and David Westfall Bates},
  title       = {Making Predictive Analytics a Routine Part of Patient Care},
  institution = {Harvard Business Review},
  year        = {2016},
  type        = {Web Page},
  timestamp   = {2016-04-21},
  url         = {https://hbr.org/2016/04/making-predictive-analytics-a-routine-part-of-patient-care},
}
